<?xml version="1.0" encoding="UTF-8"?><Document xmlns:xsi="http://www.w3.org/2001/XMLSchema-instance" xmlns="urn:iso:std:iso:20022:tech:xsd:pain.001.001.03" xsi:schemaLocation="urn:iso:std:iso:20022:tech:xsd:pain.001.001.03 pain.001.001.03.xsd"><CstmrCdtTrfInitn><GrpHdr><MsgId>STC-20220222230251</MsgId><CreDtTm>2022-02-23T23:02:51-00:00</CreDtTm><NbOfTxs>2</NbOfTxs><CtrlSum>352500</CtrlSum><InitgPty><Nm>STC</Nm><Id><OrgId><Othr><Id>80200355750004</Id><SchmeNm><Cd>BANK</Cd></SchmeNm></Othr></OrgId></Id></InitgPty></GrpHdr><PmtInf><PmtInfId>STC-20220222230251</PmtInfId><PmtMtd>TRF</PmtMtd><PmtTpInf><SvcLvl><Prtry>MPNS</Prtry></SvcLvl></PmtTpInf><ReqdExctnDt>2022-02-23</ReqdExctnDt><Dbtr><Nm>STC</Nm><Id><OrgId><Othr><Id>55694553540004</Id><SchmeNm><Cd>BANK</Cd></SchmeNm></Othr></OrgId></Id></Dbtr><DbtrAcct><Id><Othr><Id>53260527</Id><SchmeNm><Prtry>BGNR</Prtry></SchmeNm></Othr></Id></DbtrAcct><DbtrAgt><FinInstnId><ClrSysMmbId><ClrSysId><Cd>SESBA</Cd></ClrSysId><MmbId>9900</MmbId></ClrSysMmbId></FinInstnId></DbtrAgt><CdtTrfTxInf><PmtId><InstrId>STC-20220222230251-1-7</InstrId><EndToEndId>99906-7</EndToEndId></PmtId><Amt><InstdAmt Ccy="SEK">188750</InstdAmt></Amt><ChrgBr>SHAR</ChrgBr><CdtrAgt><FinInstnId><ClrSysMmbId><ClrSysId><Cd>SESBA</Cd></ClrSysId><MmbId>9900</MmbId></ClrSysMmbId></FinInstnId></CdtrAgt><Cdtr><Nm>Sörmlands Travsällskap </Nm><PstlAdr><StrtNm>Box 946</StrtNm><PstCd>78129</PstCd><TwnNm>BORLÄNGE</TwnNm></PstlAdr></Cdtr><CdtrAcct><Id><Othr><Id>6016463</Id><SchmeNm><Prtry>BGNR</Prtry></SchmeNm></Othr></Id></CdtrAcct><RmtInf><Ustrd>5260813</Ustrd></RmtInf></CdtTrfTxInf><CdtTrfTxInf><PmtId><InstrId>STC-20220222230251-1-85</InstrId><EndToEndId>719362-85</EndToEndId></PmtId><Amt><InstdAmt Ccy="SEK">163750</InstdAmt></Amt><ChrgBr>SHAR</ChrgBr><CdtrAgt><FinInstnId><ClrSysMmbId><ClrSysId><Cd>SESBA</Cd></ClrSysId><MmbId>9900</MmbId></ClrSysMmbId></FinInstnId></CdtrAgt><Cdtr><Nm>Skånska Travsällskapet </Nm><PstlAdr><StrtNm>Box 9506</StrtNm><PstCd>20039</PstCd><TwnNm>MALMÖ</TwnNm></PstlAdr></Cdtr><CdtrAcct><Id><Othr><Id>6414494</Id><SchmeNm><Prtry>BGNR</Prtry></SchmeNm></Othr></Id></CdtrAcct><RmtInf><Ustrd>5260812</Ustrd></RmtInf></CdtTrfTxInf></PmtInf></CstmrCdtTrfInitn></Document>
